@article{2017ADatabases,
    title = {{A Foundations of Modern Query Languages for Graph Databases}},
    year = {2017},
    url = {https://arxiv.org/pdf/1610.06264.pdf},
    arxivId = {arXiv:1610.06264v3},
    keywords = {@BULLETInformation systems → Query languages, Additional Key Words and Phrases, CCS Concepts, Property graphs, aggregation, graph databases, graph patterns, navigation, query languages}
}

@article{McCullochAActivity,
    title = {{A logical calculus of the ideas immanent in nervous activity}},
    journal = {The bulletin of mathematical biophysics},
    author = {McCulloch, Warren S. and Pitts, Walter},
    number = {4},
    pages = {115--133},
    volume = {5},
    url = {http://dx.doi.org/10.1007/BF02478259},
    doi = {10.1007/BF02478259},
    issn = {1522-9602}
}

@article{LeCun1989BackpropagationRecognition,
    title = {{Backpropagation Applied to Handwritten Zip Code Recognition}},
    year = {1989},
    journal = {Neural Computation},
    author = {LeCun, Y and Boser, B and Denker, J S and Henderson, D. and Howard, R E and Hubbard, W and Jackel, L D},
    number = {4},
    month = {3},
    pages = {541--551},
    volume = {1}
}

@phdthesis{Werbos1974BeyondSciences,
    title = {{Beyond Regression: New Tools for Prediction and{\\\}Analysis in the Behavioral Sciences}},
    year = {1974},
    author = {Werbos, P J},
    school = {Harvard University}
}

@inproceedings{Duch2003ColoringDecisions,
    title = {{Coloring black boxes: visualization of neural network decisions}},
    year = {2003},
    booktitle = {International Joint Conference on Neural Networks},
    author = {Duch, Włodzisław},
    month = {10},
    pages = {1735--1740},
    volume = {1},
    publisher = {IEEE Press},
    address = {Portland, Oregon}
}

@inproceedings{Salakhutdinov2009DeepMachines,
    title = {{Deep Boltzmann Machines}},
    year = {2009},
    booktitle = {Proceedings of the International Conference on Artificial{\\\}Intelligence and Statistics},
    author = {Salakhutdinov, Ruslan and Hinton, Geoffrey},
    pages = {448--455},
    volume = {5}
}

@phdthesis{Levoy1989DisplayData,
    title = {{Display of Surfaces from Volume Data}},
    year = {1989},
    author = {Levoy, Marc},
    school = {University of North Carolina at Chapel Hill}
}

@misc{BaganG.andBonifatiA.andCiucanuR.andFletcherG.H.L.andLemayA.andAdvokaat2016GMarkProject,
    title = {{gMark GitHub project}},
    year = {2016},
    author = {Bagan, G. and Bonifati, A. and Ciucanu, R. and Fletcher, G. H. L. and Lemay, A. and Advokaat, N.},
    pages = {1},
    url = {https://github.com/graphMark/gmark}
}

@article{Bagan2016GMark:Queries,
    title = {{gMark: Schema-Driven Generation of Graphs and Queries}},
    year = {2016},
    author = {Bagan, Guillaume and Bonifati, Angela and Ciucanu, Radu and L Fletcher, George H and elien Lemay, Au and Advokaat, Nicky},
    url = {https://arxiv.org/pdf/1511.08386.pdf},
    arxivId = {arXiv:1511.08386v6},
    keywords = {()}
}

@article{ZhangGSCALER:Graph,
    title = {{GSCALER: Synthetically Scaling A Given Graph}},
    author = {Zhang, J W and Tay, Y C},
    url = {https://openproceedings.org/2016/conf/edbt/paper-68.pdf},
    doi = {10.5441/002/edbt.2016.08}
}

@misc{Grinstein2002InformationDesign,
    title = {{Information Visualization, Visual Data Mining, and Its Application to Drug Design}},
    year = {2002},
    author = {Grinstein, Georges and Keim, Daniel and Ward, Matthew},
    month = {10},
    howpublished = {IEEE Visualization 2002 Course {\#}1 Notes}
}

@book{Ware2004InformationDesign,
    title = {{Information Visualization: Perception for Design}},
    year = {2004},
    author = {Ware, Colin},
    edition = {second},
    publisher = {Morgan Kaufmann Publishers}
}

@article{Edu2010KroneckerLeskovec,
    title = {{Kronecker Graphs: An Approach to Modeling Networks Jure Leskovec}},
    year = {2010},
    journal = {Journal of Machine Learning Research},
    author = {Edu, Jure@cs Stanford and Chakrabarti, Deepayan and Kleinberg, Jon and Faloutsos, Christos and Ghahramani, Zoubin and Uk, Zoubin@eng Cam Ac},
    pages = {985--1042},
    volume = {11},
    url = {https://cs.stanford.edu/people/jure/pubs/kronecker-jmlr10.pdf},
    keywords = {Kronecker graphs, graph genera-tors, graph mining, network analysis, network evolution, network models, social networks}
}

@misc{ArnauPrat2013LDBCDatagen,
    title = {{LDBC SNB Datagen}},
    year = {2013},
    booktitle = {GitHub},
    author = {Arnau Prat, Gabor Szarnyas},
    pages = {11},
    url = {https://github.com/ldbc/ldbc_snb_datagen/wiki/Data-Generation}
}

@article{LDBCBenchmark,
    title = {{LDBC Social Network Benchmark}},
    url = {http://ldbc.github.io/ldbc_snb_docs/ldbc-snb-specification.pdf}
}

@inproceedings{Lorensen1987MarchingAlgorithm,
    title = {{Marching Cubes: A High Resolution 3D Surface Construction Algorithm}},
    year = {1987},
    booktitle = {Computer Graphics (Proceedings of SIGGRAPH 87)},
    author = {Lorensen, William E and Cline, Harvey E},
    month = {7},
    pages = {163--169},
    volume = {21}
}

@article{KimModelingModel,
    title = {{Modeling Social Networks with Node Attributes using the Multiplicative Attribute Graph Model}},
    author = {Kim, Myunghwan and Leskovec, Jure},
    url = {https://cs.stanford.edu/~jure/pubs/magfit-uai11.pdf}
}

@article{Leshno1993MultilayerFunction,
    title = {{Multilayer feedforward networks with a nonpolynomial activation function can approximate any function }},
    year = {1993},
    journal = {Neural Networks },
    author = {Leshno, Moshe and Lin, Vladimir Ya. and Pinkus, Allan and Schocken, Shimon},
    number = {6},
    pages = {861 - 867},
    volume = {6},
    url = {http://www.sciencedirect.com/science/article/pii/S0893608005801315},
    doi = {http://dx.doi.org/10.1016/S0893-6080(05)80131-5},
    issn = {0893-6080},
    keywords = {Lp({$\mu$}) approximation}
}

@article{Kim2012MultiplicativeNetworks,
    title = {{Multiplicative Attribute Graph Model of Real-World Networks}},
    year = {2012},
    journal = {Internet Mathematics},
    author = {Kim, Myunghwan and Leskovec, Jure},
    number = {1},
    pages = {113--160},
    volume = {82},
    url = {https://cs.stanford.edu/~jure/pubs/mag-im12.pdf}
}

@article{Fukushima1980Neocognitron:Position,
    title = {{Neocognitron: A self-organizing neural network model for a mechanism of pattern recognition unaffected by shift in position}},
    year = {1980},
    journal = {Biological Cybernetics},
    author = {Fukushima, Kunihiko},
    number = {4},
    month = {4},
    pages = {193--202},
    volume = {36},
    url = {http://dx.doi.org/10.1007/BF00344251},
    doi = {10.1007/BF00344251},
    issn = {1432-0770}
}

@article{Max1995OpticalRendering,
    title = {{Optical models for direct volume rendering}},
    year = {1995},
    journal = {IEEE Transactions on Visualization and Computer{\\\}Graphics},
    author = {Max, Nelson},
    number = {2},
    month = {6},
    pages = {99--108},
    volume = {1}
}

@incollection{Gubichev2015ParameterQueries,
    title = {{Parameter Curation for Benchmark Queries}},
    year = {2015},
    author = {Gubichev, Andrey and Boncz, Peter},
    pages = {113--129},
    publisher = {Springer, Cham},
    url = {http://link.springer.com/10.1007/978-3-319-15350-6_8},
    doi = {10.1007/978-3-319-15350-6{\_}8}
}

@inproceedings{Qiao2015RBench,
    title = {{RBench}},
    year = {2015},
    booktitle = {Proceedings of the 2015 ACM SIGMOD International Conference on Management of Data - SIGMOD '15},
    author = {Qiao, Shi and {\"{O}}zsoyo{\u{g}}lu, Z. Meral},
    pages = {1825--1838},
    publisher = {ACM Press},
    url = {http://dl.acm.org/citation.cfm?doid=2723372.2746479},
    address = {New York, New York, USA},
    isbn = {9781450327589},
    doi = {10.1145/2723372.2746479},
    keywords = {application, specific benchmarking}
}

@inproceedings{Gevrey2003ReviewModels,
    title = {{Review and comparison of methods to study the contribution of variables in artificial neural network models}},
    year = {2003},
    booktitle = {Ecological Modelling},
    author = {Gevrey, Muriel and Dimopoulos, Ioannis and Lek, Sovan},
    number = {3},
    month = {2},
    pages = {249--264},
    volume = {160},
    publisher = {Elsevier}
}

@phdthesis{Kindlmann1999Semi-AutomaticRendering,
    title = {{Semi-Automatic Generation of Transfer Functions for Direct Volume Rendering}},
    year = {1999},
    author = {Kindlmann, Gordon},
    school = {Cornell University}
}

@article{Leskovec2016SNAP:Library,
    title = {{SNAP: A General-Purpose Network Analysis and Graph-Mining Library}},
    year = {2016},
    journal = {ACM Transactions on Intelligent Systems and Technology (TIST)},
    author = {Leskovec, Jure and Sosi{\v{c}}, Rok},
    number = {1},
    pages = {1},
    volume = {8},
    publisher = {ACM}
}

@inproceedings{Nielson1991TheCubes,
    title = {{The Asymptotic Decider: Removing the Ambiguity in Marching Cubes}},
    year = {1991},
    booktitle = {Visualization '91},
    author = {Nielson, Gregory M and Hamann, Bernd},
    pages = {83--91}
}

@inproceedings{Erling2015TheBenchmark,
    title = {{The LDBC Social Network Benchmark}},
    year = {2015},
    booktitle = {Proceedings of the 2015 ACM SIGMOD International Conference on Management of Data - SIGMOD '15},
    author = {Erling, Orri and Averbuch, Alex and Larriba-Pey, Josep and Chafi, Hassan and Gubichev, Andrey and Prat, Arnau and Pham, Minh-Duc and Boncz, Peter},
    pages = {619--630},
    publisher = {ACM Press},
    url = {http://dl.acm.org/citation.cfm?doid=2723372.2742786},
    address = {New York, New York, USA},
    isbn = {9781450327589},
    doi = {10.1145/2723372.2742786},
    keywords = {benchmarking, graph databases, rdf databases}
}

@article{Rosenblatt1958TheBrain,
    title = {{The Perceptron: A Probabilistic Model for Information Storage and Organization in the Brain}},
    year = {1958},
    journal = {Psych. Rev.},
    author = {Rosenblatt, F},
    pages = {386--407},
    volume = {65}
}

@misc{2003TheGuide,
    title = {{The Visualization Toolkit User's Guide}},
    year = {2003},
    month = {1}
}

@inproceedings{Theron2006VisualNetworks,
    title = {{Visual Sensitivity Analysis for Artificial Neural Networks}},
    year = {2006},
    booktitle = {Intelligent Data Engineering and Automated Learning (IDEAL)},
    author = {Ther{\'{o}}n, Roberto and De Paz, Juan F},
    edition = {7},
    month = {9},
    pages = {191--198},
    publisher = {Springer Berlin Heidelberg},
    address = {Burgos, Spain}
}